@article{warden2018speech,
      title={Speech Commands: A Dataset for Limited-Vocabulary Speech Recognition},
      author={{Warden}, P.},
      archivePrefix={arXiv},
      eprint={1804.03209},
      primaryClass={cs.CL},
      year={2018},
      url={https://arxiv.org/abs/1804.03209},
}

@article{dai2016deep,
      title={Very Deep Convolutional Neural Networks for Raw Waveforms}, 
      author={Wei Dai and Chia Dai and Shuhui Qu and Juncheng Li and Samarjit Das},
      year={2016},
      eprint={1610.00087},
      archivePrefix={arXiv},
      primaryClass={cs.SD},
      url={https://arxiv.org/abs/1610.00087}
}

@misc{tutorial,
      title={Speech Command Recognition with torchaudio},
      author={Vincent QB},
      year={2020},
      url={https://pytorch.org/tutorials/intermediate/speech_command_recognition_with_torchaudio.html}
}
